@inproceedings{Simard-2010a,
	Author = {Simard, Jean and Ammi, Mehdi},
	Booktitle = {Proceedings of Joint Virtual Reality Conference (JVRC)},
	Editor = {Fellner, Dieter},
	Month = {09},
	Pages = {43--50},
	Publisher = {Eurographics Association},
	Title = {Gesture coordination in collaborative tasks through augmented haptic feedthrough},
	Year = {2010}
}
@inproceedings{Simard-2010b,
	Author = {Simard, Jean and Ammi, Mehdi and Auvray, Malika},
	Booktitle = {Proceedings of Joint Virtual Reality Conference (JVRC)},
	Editor = {Fellner, Dieter},
	Month = {09},
	Pages = {51--54},
	Publisher = {Eurographics Association},
	Title = {Study of synchronous and colocated collaboration for search tasks},
	Year = {2010}
}
@inproceedings{Simard-2010c,
	Author = {Simard, Jean and Ammi, Mehdi and Auvray, Malika},
	Booktitle = {Proceedings of the 17th ACM symposium on Virtual Reality Software and Technology (VRST)},
	Month = {11},
	Pages = {181--182},
	Title = {Closely coupled collaboration for search tasks},
	Year = {2010}
}
@phdthesis{Simard-2011,
	title = {Intéractions haptiques collaboratives pour la manipulation moléculaire},
	author = {Simard, Jean},
	school = {École Doctorale d'Informatique de Paris Sud},
	year = {2011}
}
@inproceedings{Xiong-2010,
	title = {Mon chéri tout doux},
	author = {Xiong, Feng},
	booktitle = {Inproceedings de l'amour},
	year = {2010}
}
