@phdthesis{Chastine-2007,
	Address = {Atlanta, GA, USA},
	Author = {Chastine, Jeffrey W.},
	Isbn = {978-0-549-19185-8},
	Language = {english},
	Note = {Adviser-Zhu, Ying},
	Publisher = {Georgia State University},
	School = {Georgia State University},
	Title = {On inter-referential awareness in collaborative augmented reality},
	Year = {2007}
}
@inproceedings{Delalande-2010,
	Author = {Delalande, Olivier and F{\'e}rey, Nicolas and Laurent, Benoist and Gu{\'e}roult, Marc and Hartmann, Brigitte and Baaden, Marc},
	Booktitle = {Pacific Symposium on Biocomputing},
	Language = {english},
	Month = {01},
	Pages = {205--215},
	Title = {Multi-resolution approach for interactively locating functionally linked ion binding sites by steering small molecules into electrostatic potential maps using a haptic device},
	Year = {2010}
}
@electronic{DeLano-2002,
	Address = {Palo Alto, CA, USA},
	Author = {DeLano, Warren L.},
	Language = {english},
	Title = {The {PyMOL} molecular graphics system},
	Url = {http://www.pymol.org},
	Urldate = {2011-09-25},
	Year = {2002}
}
@article{Gorlatch-2009,
	Author = {Gorlatch, Sergei and M{\"u}ller-Iden, Jens and Alt, Martin and D{\"u}nnweber, Jan and Fujita, Hamido and Funyu, Yutaka},
	Issn = {0950-7051},
	Journal = {Knowledge-Based Systems},
	Language = {english},
	Month = {04},
	Number = {3},
	Pages = {209--215},
	Title = {Clayworks: toward user-oriented software for collaborative modeling and simulation},
	Url = {http://www.sciencedirect.com/science/article/pii/S0950705108001986},
	Volume = {22},
	Year = {2009}
}
@article{Humphrey-1996,
	Author = {Humphrey, William F. and Dalke, Andrew and Schulten, Klaus},
	Journal = {Journal of Molecular Graphics},
	Language = {english},
	Month = {02},
	Number = {1},
	Pages = {33--38},
	Title = {{VMD}: {V}isual {M}olecular {D}ynamics},
	Volume = {14},
	Year = {1996}
}
@inproceedings{Kriz-2003,
	Address = {San Diego, CA, USA},
	Author = {Kriz, Ronald D. and Farkas, Diana and Ray, Andrew A. and Kelso, John and Flanery Jr., Raymond E.},
	Booktitle = {Proceedings of High Performance Computing: Grand Challenges in Computer Simulations},
	Language = {english},
	Month = {03},
	Pages = {127--135},
	Publisher = {The Society for Modeling and Simulation International},
	Title = {Visual interpretation and analysis of {HPC} nanostructure models using shared virtual environments},
	Year = {2003}
}
@phdthesis{Ma-2007,
	Address = {Atlanta, GA, USA},
	Author = {Ma, WenJun},
	Language = {english},
	Month = {12},
	School = {Georgia State University},
	Title = {{AMMP-EXTN}: a user privacy and collaboration control framework for a multi-user collaboratory virtual reality system},
	Year = {2007}
}
@inproceedings{Muller-2006,
	Author = {M{\"u}ller, Jens and Alt, Martin and D{\"u}nnweber, Jan and Gorlatch, Sergei},
	Booktitle = {Second IEEE International Conference on e-Science and Grid Computing},
	Isbn = {0-7695-2734-5},
	Language = {english},
	Month = {12},
	Pages = {104},
	Series = {e-Science'06},
	Title = {{C}layworks: a system for collaborative real-time modeling and high-performance simulation},
	Year = {2006}
}
@book{Osborn-1963,
	Author = {Osborn, Alex Faickney},
	Language = {english},
	Publisher = {Scribner},
	Title = {Applied imagination: principles and procedures of creative problem-solving},
	Year = {1963},
}
@article{Park-2006,
	Affiliation = {Game Engineering, Hoseo University, Cheonan, Korea},
	Author = {Park, SungJun and Lee, Jun and Kim, Jee-In},
	Booktitle = {Advances in artificial reality and tele-existence},
	Editor = {Pan, ZhiGeng and Cheok, Adrian and Haller, Michael and Lau, Rynson W. H. and Saito, Hideo and Liang, RongHua},
	Isbn = {978-3-540-49776-9},
	Journal = {Lecture notes in computer science},
	Language = {english},
	Month = {11},
	Pages = {324--333},
	Publisher = {Springer Berlin / Heidelberg},
	Title = {A collaborative virtual reality environment for molecular modeling},
	Volume = {4282},
	Year = {2006}
}
@phdthesis{Peterlik-2009,
	Address = {Brno, Czech Republic},
	Author = {Peterl{\'\i}k, Igor},
	Language = {english},
	Month = {01},
	School = {The Faculty of Informatics, Masaryk University},
	Title = {Haptic interaction with non-linear deformable objects},
	Year = {2009}
}
@article{Polys-2004,
	Author = {Polys, Nicholas F. and North, Chris and Bowman, Douglas A. and Ray, Andrew A. and Moldenhauer, Maxim and Dandekar, Chetan},
	Isbn = {0-8194-5198-3},
	Issn = {0277786X},
	Journal = {Proceedings of visualization and data analysis},
	Language = {english},
	Month = {01},
	Number = {1},
	Pages = {189--200},
	Publisher = {SPIE},
	Title = {{Snap2Diverse}: coordinating information visualizations and virtual environments},
	Volume = {5295},
	Year = {2004}
}
@inproceedings{Ringelmann-1913,
	Author = {Ringelmann, Maximilien},
	Booktitle = {Annales de l'Institut National Argonomique},
	Editor = {Bailli{\`e}re, Jean-Baptiste},
	Institution = {Institut National Argonomique},
	Issn = {03730816},
	Language = {french},
	Number = {2},
	Pages = {1--40},
	Publisher = {Librairie Agricole De La Maison Rustique},
	Title = {Recherches sur les moteurs anim{\'e}s: Travail de l'homme},
	Volume = {12},
	Year = {1913}
}
@book{Roethlisberger-1939,
	Address = {Cambridge, Mass},
	Author = {Roethlisberger, Fritz J. and Dickson, William J. and Wright, Harold A.},
	Isbn = {9780415279871},
	Language = {english},
	Month = {11},
	Publisher = {Harvard University Press},
	Title = {Management and the worker},
	Year = {1939},
}
@article{Tuckman-1965,
	Author = {Tuckman, Bruce},
	Journal = {Psychological bulletin},
	Language = {english},
	Month = {06},
	Number = {6},
	Pages = {384--399},
	Title = {Developmental sequence in small groups},
	Volume = {63},
	Year = {1965}
}
